@article{dynamics1,
author = {Sabourin, Patrick and Bélanger, Alain},
title = {The Dynamics of Language Shift in Canada},
journal = {Population},
year = {2015},
OPTkey = {•},
OPTvolume = {70},
OPTnumber = {4},
OPTpages = {727-747,750-757},
OPTmonth = {•},
OPTnote = {•},
OPTannote = {•}
}
@Article{spanish1,
author = {Mora, Marie T and Villa, Daniel J and Davila, Alberto},
title = {Language Shift and Maintenance among the Children of Immigrants in the U.S.: Evidence in the Census for Spanish Speakers and Other Language Minorities},
journal = {Spanish in Context},
year = {2006},
OPTkey = {•},
OPTvolume = {3},
OPTnumber = {2},
OPTpages = {239-254},
OPTmonth = {•},
OPTnote = {•},
OPTannote = {•}
}
@article{performance1,
author = {Osmanbegovic, Edin and Suljic, Mirza},
title = {Data Mining Approach for Predicting Student Performance},
journal = {Economic Review: Journal of Economics and Business},
year = {2012}
}
@article{census1,
author = {Klösgen, Willi and May, Michael},
title = {Census Data Mining - An Application},
year = {2012}
}
@article{dtrees1,
author = {Hulten, Geoff and Spencer, Laurie and Domingos, Pedro},
title = {Mining Time-Changing Data Streams},
year = {2001}
}
@misc{generation1,
author = {Dictionary.com Unabridged},
title = {generation},
year = {2019},
url = {http://www.dictionary.com/browse/generation}
}
@article{literacy1,
author = {Geva, Esther and Gottardo, Alexandra and Farnia, Fataneh and Clark, Julie Byrd},
title = {Children for Whom
English/French Is Not Their First Language},
journal = {London, Ont: Canadian Language and Literacy Research},
year = {2009}
}
@article{fertility1,
author = {Kohli, Vandana},
title = {The Effect of Native-Language Retention and Insecurity on Asian Indian Fertility in
the United States},
journal = {The Journal of Social Psychology 138, no. 3},
year = {1998},
OPTpages = {358–367}
}
@article{mother1,
author = {Souza, Ana},
title = {Motherhood in Migration: A Focus on Family Language Planning},
journal = {Women’s Studies
International Forum 52},
year = {2015}
}
@article{policy1,
author = {Schwartz, Mila and Verschik, Anna},
title = {Successful Family Language Policy Parents, Children and
Educators in Interaction 1st ed.},
year = {2013}
}
